[gd_scene load_steps=8 format=2]

[ext_resource path="res://scenes/Lander.gd" type="Script" id=1]
[ext_resource path="res://assets/sprites/defendersprites.png" type="Texture" id=2]
[ext_resource path="res://assets/sound/mob_explosion.wav" type="AudioStream" id=3]
[ext_resource path="res://scenes/HyperspaceJump.tscn" type="PackedScene" id=4]
[ext_resource path="res://assets/sound/grabbed_astronaut.wav" type="AudioStream" id=5]

[sub_resource type="CapsuleShape2D" id=1]

custom_solver_bias = 0.0
radius = 10.0
height = 19.4128

[sub_resource type="CircleShape2D" id=2]

custom_solver_bias = 0.0
radius = 240.145

[node name="Lander" type="KinematicBody2D"]

input_pickable = false
collision_layer = 1
collision_mask = 1
collision/safe_margin = 0.08
script = ExtResource( 1 )
active = false
speed = 100

[node name="AreaDetection" type="Area2D" parent="." index="0"]

input_pickable = true
gravity_vec = Vector2( 0, 1 )
gravity = 98.0
linear_damp = 0.1
angular_damp = 1.0
audio_bus_override = false
audio_bus_name = "Master"

[node name="AreaCollision" type="CollisionShape2D" parent="AreaDetection" index="0"]

scale = Vector2( 1, 0.796225 )
shape = SubResource( 1 )
_sections_unfolded = [ "Transform" ]

[node name="Collision" type="CollisionPolygon2D" parent="." index="1"]

build_mode = 0
polygon = PoolVector2Array( -6.26606, -16.3321, 5.30003, -16.2036, 5.55706, -12.4768, 9.66945, -12.6053, 9.79796, -8.87843, 13.5248, -8.87843, 13.7818, 0.759983, 9.66945, 0.631474, 10.055, 6.80006, 13.3963, 7.31411, 13.9104, 11.1695, 17.8942, 11.1695, 18.0227, 16.31, 13.2678, 16.567, 13.0108, 12.9686, 9.79796, 12.9686, 9.41242, 9.11327, 5.17152, 9.11327, 5.04301, 5.00089, 2.21574, 4.74386, 2.21574, 16.567, -3.18177, 16.567, -3.05326, 4.87237, -6.00904, 4.87237, -6.00904, 8.47071, -9.60738, 8.47071, -9.8644, 12.5831, -13.8483, 12.5831, -13.8483, 16.0529, -18.4747, 16.0529, -18.4747, 11.298, -15.2619, 11.298, -15.0049, 7.31411, -10.8925, 7.31411, -11.021, 0.888496, -14.4908, 0.759983, -14.7479, -8.23587, -11.1495, -8.49289, -11.021, -12.6053, -6.39457, -12.7338 )

[node name="SpriteRight" type="Sprite" parent="." index="2"]

texture = ExtResource( 2 )
region_enabled = true
region_rect = Rect2( 441, 52, 37, 33 )
_sections_unfolded = [ "Region" ]

[node name="SpriteLeft" type="Sprite" parent="." index="3"]

texture = ExtResource( 2 )
region_enabled = true
region_rect = Rect2( 561, 53, 37, 33 )
_sections_unfolded = [ "Region" ]

[node name="CycleTimer" type="Timer" parent="." index="4"]

process_mode = 1
wait_time = 0.25
one_shot = false
autostart = false

[node name="Scanner" type="RayCast2D" parent="." index="5"]

position = Vector2( 0, 17 )
enabled = true
exclude_parent = true
cast_to = Vector2( 0, 450 )
collision_mask = 1
_sections_unfolded = [ "Transform" ]

[node name="ScannerTimer" type="Timer" parent="." index="6"]

process_mode = 1
wait_time = 0.2
one_shot = false
autostart = true

[node name="ExplosionAudio" type="AudioStreamPlayer" parent="." index="7"]

stream = ExtResource( 3 )
volume_db = 0.0
pitch_scale = 1.0
autoplay = false
mix_target = 0
bus = "Master"

[node name="Astronaut" type="Sprite" parent="." index="8"]

editor/display_folded = true
visible = false
position = Vector2( -12, 33 )
texture = ExtResource( 2 )
region_enabled = true
region_rect = Rect2( 329, 1, 12, 32 )
_sections_unfolded = [ "Region", "Transform" ]

[node name="AstronautAreaDetection" type="Area2D" parent="Astronaut" index="0"]

input_pickable = true
gravity_vec = Vector2( 0, 1 )
gravity = 98.0
linear_damp = 0.1
angular_damp = 1.0
audio_bus_override = false
audio_bus_name = "Master"

[node name="CollisionPolygon2D" type="CollisionPolygon2D" parent="Astronaut/AstronautAreaDetection" index="0"]

build_mode = 0
polygon = PoolVector2Array( -5.91754, -15.5836, 1.79065, -15.5836, 1.86415, -7.55124, 6.08049, -7.55124, 6.08049, 5.09778, 2.12767, 4.83425, 2.65471, 15.9021, -2.08867, 15.9021, -1.82515, 4.57073, -5.98699, 4.60039 )

[node name="HyperspaceJump" parent="." index="9" instance=ExtResource( 4 )]

visible = false
scale = Vector2( 1.75, 1.75 )
_sections_unfolded = [ "Transform", "Visibility" ]

[node name="GrabbedAustronautAudio" type="AudioStreamPlayer" parent="." index="10"]

stream = ExtResource( 5 )
volume_db = 0.0
pitch_scale = 1.0
autoplay = false
mix_target = 0
bus = "Master"

[node name="MovementTimer" type="Timer" parent="." index="11"]

process_mode = 1
wait_time = 0.5
one_shot = false
autostart = true

[node name="PlayerScanner" type="Area2D" parent="." index="12"]

input_pickable = true
gravity_vec = Vector2( 0, 1 )
gravity = 98.0
linear_damp = 0.1
angular_damp = 1.0
audio_bus_override = false
audio_bus_name = "Master"

[node name="ScannerCollision" type="CollisionShape2D" parent="PlayerScanner" index="0"]

shape = SubResource( 2 )
_sections_unfolded = [ "Transform" ]

[node name="ShootBombTimer" type="Timer" parent="." index="13"]

process_mode = 1
wait_time = 2.0
one_shot = false
autostart = false

[connection signal="area_entered" from="AreaDetection" to="." method="_on_AreaDetection_area_entered"]

[connection signal="body_entered" from="AreaDetection" to="." method="_on_AreaDetection_body_entered"]

[connection signal="timeout" from="CycleTimer" to="." method="_on_CycleTimer_timeout"]

[connection signal="timeout" from="ScannerTimer" to="." method="_on_ScannerTimer_timeout"]

[connection signal="finished" from="ExplosionAudio" to="." method="_on_ExplosionAudio_finished"]

[connection signal="area_entered" from="Astronaut/AstronautAreaDetection" to="." method="_on_AstronautAreaDetection_area_entered"]

[connection signal="timeout" from="MovementTimer" to="." method="_on_MovementTimer_timeout"]

[connection signal="area_entered" from="PlayerScanner" to="." method="_on_PlayerScanner_area_entered"]

[connection signal="area_exited" from="PlayerScanner" to="." method="_on_PlayerScanner_area_exited"]

[connection signal="timeout" from="ShootBombTimer" to="." method="_on_ShootBombTimer_timeout"]


