[gd_scene load_steps=13 format=2]

[ext_resource path="res://scenes/Player.gd" type="Script" id=1]
[ext_resource path="res://assets/sprites/defendersprites.png" type="Texture" id=2]
[ext_resource path="res://assets/sound/laser.wav" type="AudioStream" id=3]
[ext_resource path="res://assets/sound/player_explosion.wav" type="AudioStream" id=4]
[ext_resource path="res://assets/sound/ship_intro.wav" type="AudioStream" id=5]
[ext_resource path="res://assets/sound/ship_thrust.wav" type="AudioStream" id=6]
[ext_resource path="res://scenes/HyperspaceJumpPlayer.tscn" type="PackedScene" id=7]
[ext_resource path="res://assets/sound/spawning.wav" type="AudioStream" id=8]
[ext_resource path="res://scenes/Points500.tscn" type="PackedScene" id=9]
[ext_resource path="res://assets/sound/catch_astronaut.wav" type="AudioStream" id=10]
[ext_resource path="res://assets/sound/release_astronaut.wav" type="AudioStream" id=11]

[sub_resource type="ParticlesMaterial" id=1]

render_priority = 0
trail_divisor = 1
emission_shape = 2
emission_box_extents = Vector3( 1, 1, 1 )
flag_align_y = false
flag_rotate_y = false
flag_disable_z = true
spread = 25.0
flatness = 0.0
gravity = Vector3( 0, 0, 0 )
initial_velocity = 30.0
initial_velocity_random = 0.2
angular_velocity = 0.0
angular_velocity_random = 0.0
orbit_velocity = 0.0
orbit_velocity_random = 0.0
linear_accel = 0.0
linear_accel_random = 0.0
radial_accel = 0.0
radial_accel_random = 0.0
tangential_accel = 0.0
tangential_accel_random = 0.0
damping = 0.0
damping_random = 0.0
angle = 0.0
angle_random = 0.0
scale = 1.5
scale_random = 0.0
color = Color( 0.976562, 0.937343, 0.617981, 1 )
hue_variation = 0.0
hue_variation_random = 0.1
anim_speed = 0.0
anim_speed_random = 0.0
anim_offset = 0.0
anim_offset_random = 0.0
anim_loop = false
_sections_unfolded = [ "Angle", "Angular Velocity", "Color", "Damping", "Emission Shape", "Flags", "Gravity", "Hue Variation", "Initial Velocity", "Linear Accel", "Radial Accel", "Scale", "Spread", "Trail" ]

[node name="Player" type="Area2D"]

input_pickable = true
gravity_vec = Vector2( 0, 1 )
gravity = 98.0
linear_damp = 0.2
angular_damp = 1.0
audio_bus_override = false
audio_bus_name = "Master"
script = ExtResource( 1 )
_sections_unfolded = [ "Transform" ]

[node name="Camera" type="Camera2D" parent="." index="0"]

anchor_mode = 1
rotating = false
current = true
zoom = Vector2( 1, 1 )
limit_left = 300
limit_top = 0
limit_right = 8500
limit_bottom = 500
limit_smoothed = true
drag_margin_h_enabled = true
drag_margin_v_enabled = true
smoothing_enabled = false
smoothing_speed = 5.0
offset_v = 0.0
offset_h = 0.0
drag_margin_left = 0.2
drag_margin_top = 0.2
drag_margin_right = 0.2
drag_margin_bottom = 0.2
editor_draw_screen = true
editor_draw_limits = false
editor_draw_drag_margin = false
_sections_unfolded = [ "Limit" ]

[node name="SpriteRight" type="Sprite" parent="." index="1"]

editor/display_folded = true
texture = ExtResource( 2 )
region_enabled = true
region_rect = Rect2( 0, 155.305, 62.6565, 26.5 )
_sections_unfolded = [ "Offset", "Region" ]

[node name="ThurstRight1" type="Particles2D" parent="SpriteRight" index="0"]

position = Vector2( -30.7353, -1.50777 )
rotation = 3.14159
emitting = false
amount = 20
lifetime = 0.2
one_shot = false
preprocess = 0.0
speed_scale = 1.0
explosiveness = 0.0
randomness = 0.0
fixed_fps = 0
fract_delta = true
visibility_rect = Rect2( -100, -100, 200, 200 )
local_coords = true
draw_order = 0
process_material = SubResource( 1 )
texture = null
normal_map = null
h_frames = 1
v_frames = 1
_sections_unfolded = [ "Process Material", "Time", "Transform" ]

[node name="ThurstRight2" type="Particles2D" parent="SpriteRight" index="1"]

position = Vector2( -31.0832, 6.37902 )
rotation = 3.14159
emitting = false
amount = 20
lifetime = 0.2
one_shot = false
preprocess = 0.0
speed_scale = 1.0
explosiveness = 0.0
randomness = 0.2
fixed_fps = 0
fract_delta = true
visibility_rect = Rect2( -100, -100, 200, 200 )
local_coords = true
draw_order = 0
process_material = SubResource( 1 )
texture = null
normal_map = null
h_frames = 1
v_frames = 1
_sections_unfolded = [ "Drawing", "Process Material", "Time", "Transform" ]

[node name="MuzzleRight" type="Position2D" parent="SpriteRight" index="2"]

position = Vector2( 31.5472, 6.03108 )

[node name="CollisionPolygonRight" type="CollisionPolygon2D" parent="." index="2"]

visible = false
build_mode = 0
polygon = PoolVector2Array( -21.9807, -11.8471, -14.5227, -11.8471, -14.3974, -7.64807, -10.5117, -7.64807, -10.5117, -3.88774, -6.18733, -3.82507, -6.06198, -0.190083, 18.1295, -0.190083, 18.1295, 4.44766, 29.7238, 4.44766, 29.8492, 8.58402, 1.77204, 8.39601, 1.77204, 12.7204, -22.6701, 12.7831, -22.6701, 8.20799, -30.1883, 8.27066, -30.439, 4.07162, -26.616, 4.1343, -26.7413, 0.687328, -30.5643, 0.687328, -30.5643, -3.88774, -26.2399, -3.88774, -26.3026, -7.64807, -22.1036, -7.64807 )
_sections_unfolded = [ "Transform", "Visibility" ]

[node name="SpriteLeft" type="Sprite" parent="." index="3"]

editor/display_folded = true
visible = false
texture = ExtResource( 2 )
region_enabled = true
region_rect = Rect2( 169, 156.305, 60.5, 26.5 )
_sections_unfolded = [ "Region" ]

[node name="ThurstLeft1" type="Particles2D" parent="SpriteLeft" index="0"]

position = Vector2( 30.7353, -2.43563 )
emitting = false
amount = 20
lifetime = 0.2
one_shot = false
preprocess = 0.0
speed_scale = 1.0
explosiveness = 0.0
randomness = 0.0
fixed_fps = 0
fract_delta = true
visibility_rect = Rect2( -100, -100, 200, 200 )
local_coords = true
draw_order = 0
process_material = SubResource( 1 )
texture = null
normal_map = null
h_frames = 1
v_frames = 1
_sections_unfolded = [ "Process Material", "Time", "Transform" ]

[node name="ThurstLeft2" type="Particles2D" parent="SpriteLeft" index="1"]

position = Vector2( 30.3873, 5.45116 )
emitting = false
amount = 20
lifetime = 0.2
one_shot = false
preprocess = 0.0
speed_scale = 1.0
explosiveness = 0.0
randomness = 0.2
fixed_fps = 0
fract_delta = true
visibility_rect = Rect2( -100, -100, 200, 200 )
local_coords = true
draw_order = 0
process_material = SubResource( 1 )
texture = null
normal_map = null
h_frames = 1
v_frames = 1
_sections_unfolded = [ "Drawing", "Process Material", "Time", "Transform" ]

[node name="MuzzleLeft" type="Position2D" parent="SpriteLeft" index="2"]

position = Vector2( -32.0111, 5.33518 )
_sections_unfolded = [ "Transform" ]

[node name="CollisionPolygonLeft" type="CollisionPolygon2D" parent="." index="4"]

visible = false
build_mode = 0
polygon = PoolVector2Array( -30.2532, 3.38864, -18.4614, 3.38864, -18.4614, -0.695108, 5.58172, -0.797201, 5.42858, -4.67676, 9.56338, -4.67676, 9.41024, -8.40319, 13.6471, -8.50528, 13.4429, -12.589, 21.8146, -12.589, 21.9678, -8.70947, 25.6942, -8.70947, 25.6942, -4.72781, 29.829, -4.67676, 29.9821, -0.388826, 25.7963, -0.439875, 25.7963, 3.03131, 29.7779, 3.03131, 29.88, 7.93181, 21.5594, 7.82972, 21.7125, 11.3009, -2.22845, 11.6582, -2.43264, 7.57449, -30.1511, 7.62553 )

[node name="ThrustTimer" type="Timer" parent="." index="5"]

process_mode = 1
wait_time = 0.1
one_shot = true
autostart = false

[node name="FiringTimer" type="Timer" parent="." index="6"]

process_mode = 1
wait_time = 0.1
one_shot = false
autostart = false

[node name="Laser" type="AudioStreamPlayer" parent="." index="7"]

stream = ExtResource( 3 )
volume_db = 0.0
pitch_scale = 1.0
autoplay = false
mix_target = 0
bus = "Master"

[node name="Hyperspace" type="AudioStreamPlayer" parent="." index="8"]

stream = null
volume_db = 0.0
pitch_scale = 1.0
autoplay = false
mix_target = 0
bus = "Master"

[node name="ExplosionAudio" type="AudioStreamPlayer" parent="." index="9"]

stream = ExtResource( 4 )
volume_db = 0.0
pitch_scale = 1.0
autoplay = false
mix_target = 0
bus = "Master"

[node name="ShipIntro" type="AudioStreamPlayer" parent="." index="10"]

stream = ExtResource( 5 )
volume_db = 0.0
pitch_scale = 1.0
autoplay = false
mix_target = 0
bus = "Master"

[node name="ShipThrust" type="AudioStreamPlayer" parent="." index="11"]

stream = ExtResource( 6 )
volume_db = 0.0
pitch_scale = 1.0
autoplay = false
mix_target = 0
bus = "Master"

[node name="HyperspaceJump" parent="." index="12" instance=ExtResource( 7 )]

[node name="Tween" type="Tween" parent="." index="13"]

repeat = false
playback_process_mode = 1
playback_speed = 1.0
playback/active = false
playback/repeat = false
playback/speed = 1.0

[node name="SpawnTweenTimer" type="Timer" parent="." index="14"]

process_mode = 1
wait_time = 0.2
one_shot = false
autostart = false

[node name="SpawnAudio" type="AudioStreamPlayer" parent="." index="15"]

stream = ExtResource( 8 )
volume_db = 0.0
pitch_scale = 1.0
autoplay = false
mix_target = 0
bus = "Master"

[node name="GameOverTimer" type="Timer" parent="." index="16"]

process_mode = 1
wait_time = 3.0
one_shot = true
autostart = false

[node name="QuitTimer" type="Timer" parent="." index="17"]

process_mode = 1
wait_time = 0.1
one_shot = true
autostart = false

[node name="Astronaut" type="Sprite" parent="." index="18"]

visible = false
position = Vector2( 0, 29 )
texture = ExtResource( 2 )
region_enabled = true
region_rect = Rect2( 328.727, 1.11125, 12, 31.75 )
_sections_unfolded = [ "Region" ]

[node name="Points500" parent="." index="19" instance=ExtResource( 9 )]

position = Vector2( -10.8072, 70.2535 )

[node name="CatchAstronaut" type="AudioStreamPlayer" parent="." index="20"]

stream = ExtResource( 10 )
volume_db = 0.0
pitch_scale = 1.0
autoplay = false
mix_target = 0
bus = "Master"

[node name="ReleaseAstronaut" type="AudioStreamPlayer" parent="." index="21"]

stream = ExtResource( 11 )
volume_db = 0.0
pitch_scale = 1.0
autoplay = false
mix_target = 0
bus = "Master"

[connection signal="area_entered" from="." to="." method="_on_Player_area_entered"]

[connection signal="body_entered" from="." to="." method="_on_Player_body_entered"]

[connection signal="timeout" from="ThrustTimer" to="." method="_on_ThurstTimer_timeout"]

[connection signal="timeout" from="FiringTimer" to="." method="_on_FiringTimer_timeout"]

[connection signal="timeout" from="SpawnTweenTimer" to="." method="_on_SpawnTweenTimer_timeout"]

[connection signal="timeout" from="GameOverTimer" to="." method="_on_GameOverTimer_timeout"]

[connection signal="timeout" from="QuitTimer" to="." method="_on_QuitTimer_timeout"]


